@Book{Duderstadt,
	author = {James Duderstadt and Louis Hamilton},
	title = {Nuclear Reactor Analysis},
	year = {1976},
	publisher = {John Wiley and Sons}
}

@conference{Iaccarino_quote,
    author   = {Gianluca Iaccarino},
    title    = {Uncertainty Quantification in Computational Science},
    series   = {Lehrstuhl für Aerodynamik und Strömungsmechanik},
    address  = {Technische Universität München},
    year     = {2011}
}

@Article{AHSGC,
	author = {Xiang Ma and Nicholas Zabaras},
	title = {An Adaptive Hierarchical Sparse Grid Collocation Algorithm for the Solution of Stochastic Differential Equations},
	year  = {2009},
	volume = {228},
	pages = {3084-3113},
	journal = {Journal of Computational Physics}
}

@Article{KarLoeXiu,
	author = {Dongbin Xiu and Jan S. Hesthaven},
	title = {High-Order Collocation Methods for Differential Equations with Random Inputs},
	year  = {2005},
	volume = {27},
	pages = {1118-1139},
	journal = {SIAM Journal of Scientific Computing}
}

@phdthesis{Hadamard,
	author = {John K. Au},
	title = {An Ab Initio Approach to the Inverse Problem-based Design of  
	         Photonic Bandgap Devices},
	school = {California Institute of Technology},
	year = {2007}
}

@Book{PrbThryPrlms,
	author = {Brent Oksendal},
	title = {Stochastic Differential Equations: An Introduction with Applications},
	year = {2005},
	publisher = {Springer-Verlag},
	edition = {6}
}

@Book{BoydSpec,
	author = {John P. Boyd},
	title = {Chebyshev and Fourier Spectral Methods},
	year = {2001},
	publisher = {Dover Publications},
	edition = {2}
}

@Book{NumAnyHenrici,
	author = {Peter Henrici},
	title = {Essentials of Numerical Analysis with Pocket Calculator Demonstrations},
	year = {1982},
	publisher = {John Wiley and Sons}
}

@Article{BaryCentIntrp,
	author = {Jean-Paul Berrut and Lloyd N. Trefethen},
	title = {Barycentric Lagrange Interpolation},
	year  = {2004},
	volume = {46},
	number = {3},
	pages = {501-517},
	journal = {SIAM Review}
}

@Article{ChebyType2,
	author = {H.E. Salzer},
	title = {Lagrangian interpolation at the chebyshev points $x_{n,v}=\cos\left(v\pi/n\right)$},
	year  = {1972},
	volume = {15},
	number = {2},
	pages = {156-159},
	journal = {The Computer Journal}
}

@Article{Agarwal,
	author = {Nitin Agarwal and N.R. Aluru},
	title = {A Domain Adaptive Stochastic Collocation Approach for Analysis 
	of MEMS Under Uncertainties},
	year  = {2009},
	volume = {228},
	pages = {7662-7688},
	journal = {Journal of Computational Physics}
}

@Article{TrefethenQuadrature,
	author = {Lloyd Trefethen},
	title = {Is Gaussian Quadrature Better than Clenshaw-Curtis?},
	year  = {2008},
	volume = {50},
	number = {1},
	pages = {67-87},
	journal = {SIAM Review}
}

@Article{HesthavenGaussPatt,
	author = {Meilin Liu and Zhen Gao and Jan Hesthaven},
	title = {Adaptive Sparse Grid Algorithms with Applications to 
	Electromagnetic Scattering Under Uncertainty},
	year  = {2011},
	volume = {61},
	pages = {24-37},
	journal = {Applied Numerical Mathematics}
}

@Book{GaussPatterson,
	author = {Philip Davis and Philip Rabinowitz},
	title = {Methods of Numerical Integration},
	year = {2007},
	publisher = {Dover}
}

% Papers specific to functional decomposition section
% -------------------------------------------------
@Article{Hesthaven_AnchorPoint,
	author = {Zhen Gao and Jan S. Hesthaven},
	title = {On ANOVA Expansions and Strategies for Choosing the Anchor    
	         Point},
	year  = {2010},
	volume = {217},
	pages = {3274-3285},
	journal = {Applied Mathematics and Computation}
}

@Article{HDMR,
	author = {Genyuan Li and Sheng-Wei Wang and Herschel Rabitz},
	title = {High Dimensional Model Representations: Concepts and 
	Applications},
	year  = {2001},
	volume = {105},
	pages = {7765-7777},
	journal = {Journal of Physical Chemistry A}
}

@Article{Hesthaven_ANOVA,
	author = {Zhen Gao and Jan S. Hesthaven},
	title = {Efficient Solution of Orindary Differential Equations with 
	High-Dimensional Parameterized Uncertainty},
	year  = {2011},
	volume = {10},
	number = {2},
	pages = {253-278},
	journal = {Communications in Computational Physics}
}

@Article{AHSGC_HighDimensions,
	author = {Xiang Ma and Nicholas Zabaras},
	title = {An Adaptive High-Dimensional Stochastic Model Representation 
	Technique for the Solution of Stochastic Partial Differential Equations},
	year  = {2009},
	volume = {229},
	pages = {3884-3915},
	journal = {Journal of Computational Physics}
}

@Book{Holtz,
	author = {Markus Holtz},
	title = {Sparse Grid Quadrature in High Dimensions with Applications
	in Finance and Insurnance},
	year = {2011},
	publisher = {Springer}
}

% Smolyak Sparse Grid Section
@Book{Boyd,
	author = {John Boyd},
	title = {Chebyshev and Fourier Spectral Methods},
	year = {2001},
	edition = {2},
	publisher = {Dover Publications}
}

@Book{TrefethenApprox,
	author = {Lloyd Trefethen},
	title = {Approximation Theory and Approximation Practice},
	year = {2012},
	publisher = {SIAM}
}

@Book{LeMaitreKnio,
	author = {O.P Le Maitre and Omar Knio},
	title = {Spectral Methods for Uncertainty Quantification: With
	Applications to Computational Fluid Dynamics},
	year = {2010},
	publisher = {Springer}
}

@conference{Burkardt_SCALA2013,
    author   = {John Burkardt},
    title    = {Sparse Grid Collocation for Uncertainty Quantification},
    series   = {SCALA},
    address  = {Louisiana State University},
    year     = {2012}
}

@Article{SmolyakOriginal,
	author = {Sergei A. Smolyak},
	title = {Quadrature and interpolation formulas for tensor products of 
	certain classes of functions},
	year  = {1963},
	volume = {4},
	pages = {240-243},
	journal = {Soviet Math. Dokl.}
}

@Article{NovakRitter,
	author = {Volker Barthelmann and Erich Novak and Klaus Ritter},
	title = {High Dimensional Polynomial Interpolation on Sparse Grids},
	year  = {2000},
	volume = {12},
	pages = {273-288},
	journal = {Advances in Computational Mathematics}
}

